
<srw:record>
<srw:recordSchema>marcxchange</srw:recordSchema>
<srw:recordPacking>xml</srw:recordPacking>
<srw:recordData>
<mxc:record xmlns:mxc="info:lc/xmlns/marcxchange-v2" format="INTERMARC" id="ark:/12148/cb457653568" type="Bibliographic">   <mxc:leader>00494c02s 22000271 145g </mxc:leader>   <mxc:controlfield tag="001">FRBNF457653560000009</mxc:controlfield>   <mxc:controlfield tag="003">http://catalogue.bnf.fr/ark:/12148/cb457653568</mxc:controlfield>   <mxc:controlfield tag="008">190709d 19.. 19..            jpjpn m xx12x    </mxc:controlfield>   <mxc:controlfield tag="009">ge            bu </mxc:controlfield>   <mxc:datafield tag="050" ind1=" " ind2=" ">      <mxc:subfield code="a">g04</mxc:subfield>   </mxc:datafield>   <mxc:datafield tag="051" ind1=" " ind2=" ">      <mxc:subfield code="a">prm</mxc:subfield>      <mxc:subfield code="b">s</mxc:subfield>   </mxc:datafield>   <mxc:datafield tag="222" ind1="0" ind2="0">      <mxc:subfield code="a">Rōkyoku meijin kessaku kōenroku</mxc:subfield>   </mxc:datafield>   <mxc:datafield tag="245" ind1="1" ind2=" ">      <mxc:subfield code="w">....bxjpn.</mxc:subfield>      <mxc:subfield code="a">Rōkyoku meijin kessaku kōenroku</mxc:subfield>      <mxc:subfield code="d">Enregistrement sonore</mxc:subfield>   </mxc:datafield>   <mxc:datafield tag="245" ind1="1" ind2=" ">      <mxc:subfield code="w">....1.jpn.</mxc:subfield>      <mxc:subfield code="a">浪曲名人傑作口演録</mxc:subfield>      <mxc:subfield code="d">Enregistrement sonore</mxc:subfield>   </mxc:datafield>   <mxc:datafield tag="260" ind1=" " ind2=" ">      <mxc:subfield code="a">[S.l.]</mxc:subfield>      <mxc:subfield code="c">Teichiku</mxc:subfield>      <mxc:subfield code="d">[19..]-</mxc:subfield>   </mxc:datafield>   <mxc:datafield tag="280" ind1=" " ind2=" ">      <mxc:subfield code="a">disque microsillon</mxc:subfield>   </mxc:datafield>   <mxc:datafield tag="300" ind1=" " ind2=" ">      <mxc:subfield code="a">Notice rédigée d'après : Itami Hideko [19..]</mxc:subfield>   </mxc:datafield>   <mxc:datafield tag="326" ind1="1" ind2=" ">      <mxc:subfield code="a">Collection</mxc:subfield>   </mxc:datafield>
</mxc:record>      </srw:recordData>
<srw:recordIdentifier>ark:/12148/cb457653568</srw:recordIdentifier>
<srw:recordPosition>4</srw:recordPosition>
<srw:extraRecordData>
<ixm:attr name="CreationDate">20190709</ixm:attr>
<ixm:attr name="LastModificationDate">20190709</ixm:attr>
<mn:score>1.8209242</mn:score>
</srw:extraRecordData>
</srw:record>