
<srw:record>
<srw:recordSchema>marcxchange</srw:recordSchema>
<srw:recordPacking>xml</srw:recordPacking>
<srw:recordData>
<mxc:record xmlns:mxc="info:lc/xmlns/marcxchange-v2" format="INTERMARC" id="ark:/12148/cb43349989g" type="Bibliographic">   <mxc:leader>00441n52s 22000271 145g </mxc:leader>   <mxc:controlfield tag="001">FRBNF433499890000009</mxc:controlfield>   <mxc:controlfield tag="003">http://catalogue.bnf.fr/ark:/12148/cb43349989g</mxc:controlfield>   <mxc:controlfield tag="008">120319c 1976                 freng m?xxb      </mxc:controlfield>   <mxc:controlfield tag="009">gx            xuu</mxc:controlfield>   <mxc:datafield tag="051" ind1=" " ind2=" ">      <mxc:subfield code="a">prm</mxc:subfield>      <mxc:subfield code="b">s</mxc:subfield>   </mxc:datafield>   <mxc:datafield tag="222" ind1="0" ind2="0">      <mxc:subfield code="a">Collection Music express</mxc:subfield>   </mxc:datafield>   <mxc:datafield tag="245" ind1="1" ind2=" ">      <mxc:subfield code="a">Collection Music express</mxc:subfield>      <mxc:subfield code="d">Enregistrement sonore</mxc:subfield>   </mxc:datafield>   <mxc:datafield tag="260" ind1=" " ind2=" ">      <mxc:subfield code="a">Paris</mxc:subfield>      <mxc:subfield code="c">Chappell</mxc:subfield>      <mxc:subfield code="d">cop. 1976-</mxc:subfield>   </mxc:datafield>   <mxc:datafield tag="280" ind1=" " ind2=" ">      <mxc:subfield code="d">27 cm</mxc:subfield>   </mxc:datafield>   <mxc:datafield tag="300" ind1=" " ind2=" ">      <mxc:subfield code="a">Collection dont chaque volume est traité à son auteur</mxc:subfield>   </mxc:datafield>   <mxc:datafield tag="690" ind1=" " ind2=" ">      <mxc:subfield code="a">FichGén</mxc:subfield>   </mxc:datafield>   <mxc:datafield tag="917" ind1=" " ind2=" ">      <mxc:subfield code="o">MUS</mxc:subfield>      <mxc:subfield code="a">FG059811040001PC </mxc:subfield>   </mxc:datafield>   <mxc:datafield tag="930" ind1=" " ind2=" ">      <mxc:subfield code="c">BNF</mxc:subfield>      <mxc:subfield code="d">MUS</mxc:subfield>      <mxc:subfield code="a">VMG-17553</mxc:subfield>   </mxc:datafield>   <mxc:datafield tag="930" ind1=" " ind2=" ">      <mxc:subfield code="c">BNF</mxc:subfield>      <mxc:subfield code="d">MUS</mxc:subfield>      <mxc:subfield code="a">LVM17-190</mxc:subfield>      <mxc:subfield code="b">disques</mxc:subfield>   </mxc:datafield>
</mxc:record>      </srw:recordData>
<srw:recordIdentifier>ark:/12148/cb43349989g</srw:recordIdentifier>
<srw:recordPosition>6</srw:recordPosition>
<srw:extraRecordData>
<ixm:attr name="CreationDate">20130105</ixm:attr>
<ixm:attr name="LastModificationDate">20130105</ixm:attr>
<mn:score>1.8209242</mn:score>
</srw:extraRecordData>
</srw:record>