
<srw:record>
<srw:recordSchema>marcxchange</srw:recordSchema>
<srw:recordPacking>xml</srw:recordPacking>
<srw:recordData>
<mxc:record xmlns:mxc="info:lc/xmlns/marcxchange-v2" format="INTERMARC" id="ark:/12148/cb467886880" type="Bibliographic">   <mxc:leader>00546c02s 22000271 145g </mxc:leader>   <mxc:controlfield tag="001">FRBNF467886880000001</mxc:controlfield>   <mxc:controlfield tag="003">http://catalogue.bnf.fr/ark:/12148/cb467886880</mxc:controlfield>   <mxc:controlfield tag="008">210518c 199.                 frfre m?xxb      </mxc:controlfield>   <mxc:controlfield tag="009">ge  m     1   cc </mxc:controlfield>   <mxc:datafield tag="040" ind1=" " ind2=" ">      <mxc:subfield code="a">fr</mxc:subfield>   </mxc:datafield>   <mxc:datafield tag="050" ind1=" " ind2=" ">      <mxc:subfield code="a">g03</mxc:subfield>   </mxc:datafield>   <mxc:datafield tag="051" ind1=" " ind2=" ">      <mxc:subfield code="a">prm</mxc:subfield>      <mxc:subfield code="b">s</mxc:subfield>   </mxc:datafield>   <mxc:datafield tag="222" ind1="0" ind2="0">      <mxc:subfield code="a">Les indispensables de Diapason</mxc:subfield>   </mxc:datafield>   <mxc:datafield tag="245" ind1="1" ind2=" ">      <mxc:subfield code="a">Les indispensables de Diapason</mxc:subfield>      <mxc:subfield code="d">Enregistrement sonore</mxc:subfield>   </mxc:datafield>   <mxc:datafield tag="255" ind1="2" ind2=" ">      <mxc:subfield code="a">N°135 (2021, mai)</mxc:subfield>   </mxc:datafield>   <mxc:datafield tag="260" ind1=" " ind2="1">      <mxc:subfield code="a">Montrouge</mxc:subfield>      <mxc:subfield code="a">43, rue du Colonel Pierre-Avia, 75754 Cedex 15</mxc:subfield>      <mxc:subfield code="c">Emap France</mxc:subfield>      <mxc:subfield code="d">[199. ]-</mxc:subfield>   </mxc:datafield>   <mxc:datafield tag="280" ind1=" " ind2=" ">      <mxc:subfield code="a">disque compact</mxc:subfield>   </mxc:datafield>   <mxc:datafield tag="300" ind1=" " ind2=" ">      <mxc:subfield code="a">Notice rédigée d'après : N° 135 (mai 2021)</mxc:subfield>   </mxc:datafield>   <mxc:datafield tag="326" ind1="1" ind2=" ">      <mxc:subfield code="a">Collection</mxc:subfield>   </mxc:datafield>   <mxc:datafield tag="761" ind1="2" ind2=" ">      <mxc:subfield code="3">36949558</mxc:subfield>      <mxc:subfield code="t">Diapason (Montrouge)</mxc:subfield>      <mxc:subfield code="x">1292-0703</mxc:subfield>   </mxc:datafield>   <mxc:datafield tag="905" ind1=" " ind2=" ">      <mxc:subfield code="a">P1 - Hors champ périodiques</mxc:subfield>   </mxc:datafield>
</mxc:record>      </srw:recordData>
<srw:recordIdentifier>ark:/12148/cb467886880</srw:recordIdentifier>
<srw:recordPosition>7</srw:recordPosition>
<srw:extraRecordData>
<ixm:attr name="CreationDate">20210518</ixm:attr>
<ixm:attr name="LastModificationDate">20210525</ixm:attr>
<mn:score>1.8207928</mn:score>
</srw:extraRecordData>
</srw:record>