
<srw:record>
<srw:recordSchema>marcxchange</srw:recordSchema>
<srw:recordPacking>xml</srw:recordPacking>
<srw:recordData>
<mxc:record xmlns:mxc="info:lc/xmlns/marcxchange-v2" format="INTERMARC" id="ark:/12148/cb39039821k" type="Bibliographic">   <mxc:leader>00621c01s 2200027 i245g </mxc:leader>   <mxc:controlfield tag="001">FRBNF390398210000005</mxc:controlfield>   <mxc:controlfield tag="003">http://catalogue.bnf.fr/ark:/12148/cb39039821k</mxc:controlfield>   <mxc:controlfield tag="008">030731c 2003                 frita p? 7b      </mxc:controlfield>   <mxc:controlfield tag="009">ge  t     1  acu </mxc:controlfield>   <mxc:datafield tag="022" ind1="1" ind2=" ">      <mxc:subfield code="a">1638-6159</mxc:subfield>      <mxc:subfield code="c">1638-6159</mxc:subfield>   </mxc:datafield>   <mxc:datafield tag="051" ind1=" " ind2=" ">      <mxc:subfield code="a">prm</mxc:subfield>      <mxc:subfield code="b">s</mxc:subfield>   </mxc:datafield>   <mxc:datafield tag="222" ind1="0" ind2=" ">      <mxc:subfield code="a">Le Migliori musiche celtiche</mxc:subfield>   </mxc:datafield>   <mxc:datafield tag="245" ind1="1" ind2=" ">      <mxc:subfield code="a">Le Migliori musiche celtiche</mxc:subfield>      <mxc:subfield code="d">Enregistrement sonore</mxc:subfield>      <mxc:subfield code="f">[dir. responsabile Manuel Ornato]</mxc:subfield>   </mxc:datafield>   <mxc:datafield tag="260" ind1=" " ind2=" ">      <mxc:subfield code="a">Parigi</mxc:subfield>      <mxc:subfield code="b">60 rue Vitruve, 75020</mxc:subfield>      <mxc:subfield code="c">Webmusic</mxc:subfield>      <mxc:subfield code="d">cop. 2003-</mxc:subfield>   </mxc:datafield>   <mxc:datafield tag="280" ind1=" " ind2=" ">      <mxc:subfield code="a">Disque compact</mxc:subfield>      <mxc:subfield code="e">1 planche</mxc:subfield>   </mxc:datafield>   <mxc:datafield tag="350" ind1=" " ind2=" ">      <mxc:subfield code="a">Titre provenant de la planche d'accompagnement</mxc:subfield>   </mxc:datafield>   <mxc:datafield tag="676" ind1=" " ind2=" ">      <mxc:subfield code="3">13713219</mxc:subfield>      <mxc:subfield code="i">781.629 168</mxc:subfield>      <mxc:subfield code="v">23</mxc:subfield>   </mxc:datafield>   <mxc:datafield tag="750" ind1="2" ind2="3">      <mxc:subfield code="k">Titre du disque compact</mxc:subfield>      <mxc:subfield code="a">Celtica</mxc:subfield>   </mxc:datafield>   <mxc:datafield tag="770" ind1="2" ind2=" ">      <mxc:subfield code="3">39101186</mxc:subfield>      <mxc:subfield code="t">Les Meilleures musiques celtiques</mxc:subfield>      <mxc:subfield code="x">1764-7371</mxc:subfield>   </mxc:datafield>
</mxc:record>      </srw:recordData>
<srw:recordIdentifier>ark:/12148/cb39039821k</srw:recordIdentifier>
<srw:recordPosition>8</srw:recordPosition>
<srw:extraRecordData>
<ixm:attr name="CreationDate">20030731</ixm:attr>
<ixm:attr name="LastModificationDate">20200831</ixm:attr>
<mn:score>1.8205366</mn:score>
</srw:extraRecordData>
</srw:record>