
<srw:record>
<srw:recordSchema>marcxchange</srw:recordSchema>
<srw:recordPacking>xml</srw:recordPacking>
<srw:recordData>
<mxc:record xmlns:mxc="info:lc/xmlns/marcxchange-v2" format="INTERMARC" id="ark:/12148/cb433595349" type="Bibliographic">   <mxc:leader>00589n52s 22000271 145g </mxc:leader>   <mxc:controlfield tag="001">FRBNF433595340000002</mxc:controlfield>   <mxc:controlfield tag="003">http://catalogue.bnf.fr/ark:/12148/cb433595349</mxc:controlfield>   <mxc:controlfield tag="008">120319n                      frfre m?xxb      </mxc:controlfield>   <mxc:controlfield tag="009">gx            xuu</mxc:controlfield>   <mxc:datafield tag="051" ind1=" " ind2=" ">      <mxc:subfield code="a">prm</mxc:subfield>      <mxc:subfield code="b">s</mxc:subfield>   </mxc:datafield>   <mxc:datafield tag="222" ind1="0" ind2="0">      <mxc:subfield code="a">Pratique pédagogique</mxc:subfield>   </mxc:datafield>   <mxc:datafield tag="245" ind1="1" ind2=" ">      <mxc:subfield code="a">Pratique pédagogique</mxc:subfield>      <mxc:subfield code="d">Enregistrement sonore</mxc:subfield>   </mxc:datafield>   <mxc:datafield tag="260" ind1=" " ind2=" ">      <mxc:subfield code="a">Paris</mxc:subfield>      <mxc:subfield code="c">A. Colin</mxc:subfield>      <mxc:subfield code="d">[s.d.]</mxc:subfield>   </mxc:datafield>   <mxc:datafield tag="280" ind1=" " ind2=" ">      <mxc:subfield code="a">21 cm</mxc:subfield>   </mxc:datafield>   <mxc:datafield tag="300" ind1=" " ind2=" ">      <mxc:subfield code="a">Collection dont certains numéros seulement intéressent la musique et sont décrits séparément</mxc:subfield>   </mxc:datafield>   <mxc:datafield tag="690" ind1=" " ind2=" ">      <mxc:subfield code="a">FichGén</mxc:subfield>   </mxc:datafield>   <mxc:datafield tag="917" ind1=" " ind2=" ">      <mxc:subfield code="o">MUS</mxc:subfield>      <mxc:subfield code="a">FG060912960001PC </mxc:subfield>   </mxc:datafield>   <mxc:datafield tag="930" ind1=" " ind2=" ">      <mxc:subfield code="c">BNF</mxc:subfield>      <mxc:subfield code="d">MUS</mxc:subfield>      <mxc:subfield code="a">VMC-6585</mxc:subfield>   </mxc:datafield>   <mxc:datafield tag="930" ind1=" " ind2=" ">      <mxc:subfield code="c">BNF</mxc:subfield>      <mxc:subfield code="d">MUS</mxc:subfield>      <mxc:subfield code="a">8-B-5389</mxc:subfield>      <mxc:subfield code="n">Ancien fonds du Conservatoire</mxc:subfield>   </mxc:datafield>   <mxc:datafield tag="930" ind1=" " ind2=" ">      <mxc:subfield code="c">BNF</mxc:subfield>      <mxc:subfield code="d">MUS</mxc:subfield>      <mxc:subfield code="a">LVM17-161</mxc:subfield>      <mxc:subfield code="b">disques</mxc:subfield>   </mxc:datafield>   <mxc:datafield tag="930" ind1=" " ind2=" ">      <mxc:subfield code="c">BNF</mxc:subfield>      <mxc:subfield code="d">MUS</mxc:subfield>      <mxc:subfield code="a">LD17-19</mxc:subfield>      <mxc:subfield code="b">disques</mxc:subfield>      <mxc:subfield code="n">Ancien fonds du Conservatoire</mxc:subfield>   </mxc:datafield>
</mxc:record>      </srw:recordData>
<srw:recordIdentifier>ark:/12148/cb433595349</srw:recordIdentifier>
<srw:recordPosition>10</srw:recordPosition>
<srw:extraRecordData>
<ixm:attr name="CreationDate">20130105</ixm:attr>
<ixm:attr name="LastModificationDate">20130105</ixm:attr>
<mn:score>1.8205366</mn:score>
</srw:extraRecordData>
</srw:record>