
<srw:record>
<srw:recordSchema>marcxchange</srw:recordSchema>
<srw:recordPacking>xml</srw:recordPacking>
<srw:recordData>
<mxc:record xmlns:mxc="info:lc/xmlns/marcxchange-v2" format="INTERMARC" id="ark:/12148/cb45765379x" type="Bibliographic">   <mxc:leader>00524c9 m 2200027   45g </mxc:leader>   <mxc:controlfield tag="001">FRBNF457653790000003</mxc:controlfield>   <mxc:controlfield tag="003">http://catalogue.bnf.fr/ark:/12148/cb45765379x</mxc:controlfield>   <mxc:controlfield tag="008">190709s 1967                 jpjpn     12x001 </mxc:controlfield>   <mxc:controlfield tag="009">g             bd </mxc:controlfield>   <mxc:datafield tag="028" ind1=" " ind2=" ">      <mxc:subfield code="e">Victor</mxc:subfield>      <mxc:subfield code="a">JL 74</mxc:subfield>      <mxc:subfield code="c">pochette</mxc:subfield>   </mxc:datafield>   <mxc:datafield tag="050" ind1=" " ind2=" ">      <mxc:subfield code="a">g04</mxc:subfield>   </mxc:datafield>   <mxc:datafield tag="051" ind1=" " ind2=" ">      <mxc:subfield code="a">prm</mxc:subfield>      <mxc:subfield code="b">s</mxc:subfield>   </mxc:datafield>   <mxc:datafield tag="245" ind1="1" ind2=" ">      <mxc:subfield code="w">....bxjpn.</mxc:subfield>      <mxc:subfield code="a">Tadanori</mxc:subfield>      <mxc:subfield code="d">Enregistrement sonore</mxc:subfield>   </mxc:datafield>   <mxc:datafield tag="245" ind1="1" ind2=" ">      <mxc:subfield code="w">....1.jpn.</mxc:subfield>      <mxc:subfield code="a">忠度</mxc:subfield>      <mxc:subfield code="d">Enregistrement sonore</mxc:subfield>   </mxc:datafield>   <mxc:datafield tag="260" ind1=" " ind2=" ">      <mxc:subfield code="a">Yokohama</mxc:subfield>      <mxc:subfield code="c">Victor company of Japan</mxc:subfield>      <mxc:subfield code="d">1967</mxc:subfield>   </mxc:datafield>   <mxc:datafield tag="280" ind1=" " ind2=" ">      <mxc:subfield code="a">1 disque</mxc:subfield>      <mxc:subfield code="c">33 t</mxc:subfield>      <mxc:subfield code="d">30 cm</mxc:subfield>   </mxc:datafield>   <mxc:datafield tag="295" ind1="1" ind2=" ">      <mxc:subfield code="w">....bxjpn.</mxc:subfield>      <mxc:subfield code="a">Kanzeryū yōkyoku</mxc:subfield>   </mxc:datafield>   <mxc:datafield tag="295" ind1="1" ind2=" ">      <mxc:subfield code="w">....1.jpn.</mxc:subfield>      <mxc:subfield code="a">観世流謡曲</mxc:subfield>   </mxc:datafield>   <mxc:datafield tag="410" ind1=" " ind2=" ">      <mxc:subfield code="3">45765399</mxc:subfield>      <mxc:subfield code="t">Kanzeryū yōkyoku</mxc:subfield>      <mxc:subfield code="d">1967</mxc:subfield>   </mxc:datafield>   <mxc:datafield tag="606" ind1=" " ind2=" ">      <mxc:subfield code="3">11961659</mxc:subfield>      <mxc:subfield code="a">Nô</mxc:subfield>      <mxc:subfield code="g">pièces</mxc:subfield>   </mxc:datafield>
</mxc:record>      </srw:recordData>
<srw:recordIdentifier>ark:/12148/cb45765379x</srw:recordIdentifier>
<srw:recordPosition>11</srw:recordPosition>
<srw:extraRecordData>
<ixm:attr name="CreationDate">20190709</ixm:attr>
<ixm:attr name="LastModificationDate">20241213</ixm:attr>
<mn:score>1.8205366</mn:score>
</srw:extraRecordData>
</srw:record>