
<srw:record>
<srw:recordSchema>marcxchange</srw:recordSchema>
<srw:recordPacking>xml</srw:recordPacking>
<srw:recordData>
<mxc:record xmlns:mxc="info:lc/xmlns/marcxchange-v2" format="INTERMARC" id="ark:/12148/cb43540423b" type="Bibliographic">   <mxc:leader>00702n13m02200027   45g </mxc:leader>   <mxc:controlfield tag="001">FRBNF435404230000004</mxc:controlfield>   <mxc:controlfield tag="003">http://catalogue.bnf.fr/ark:/12148/cb43540423b</mxc:controlfield>   <mxc:controlfield tag="008">130225c 2012                           b     1</mxc:controlfield>   <mxc:controlfield tag="009">ge  m         cc </mxc:controlfield>   <mxc:datafield tag="028" ind1=" " ind2=" ">      <mxc:subfield code="e">Toccata classics</mxc:subfield>      <mxc:subfield code="a">TOCC 0141</mxc:subfield>      <mxc:subfield code="c">boîte</mxc:subfield>   </mxc:datafield>   <mxc:datafield tag="044" ind1=" " ind2=" ">      <mxc:subfield code="f">c2012</mxc:subfield>   </mxc:datafield>   <mxc:datafield tag="050" ind1=" " ind2=" ">      <mxc:subfield code="a">g03</mxc:subfield>   </mxc:datafield>   <mxc:datafield tag="051" ind1=" " ind2=" ">      <mxc:subfield code="a">prm</mxc:subfield>      <mxc:subfield code="b">s</mxc:subfield>   </mxc:datafield>   <mxc:datafield tag="100" ind1=" " ind2=" ">      <mxc:subfield code="3">14853712</mxc:subfield>      <mxc:subfield code="1">ISNI0000000114555013</mxc:subfield>      <mxc:subfield code="w"> 0  b     </mxc:subfield>      <mxc:subfield code="a">Ornstein</mxc:subfield>      <mxc:subfield code="m">Leo</mxc:subfield>      <mxc:subfield code="d">1893-2002</mxc:subfield>      <mxc:subfield code="4">0220</mxc:subfield>   </mxc:datafield>   <mxc:datafield tag="245" ind1="0" ind2=" ">      <mxc:subfield code="a">Piano music</mxc:subfield>      <mxc:subfield code="d">Enregistrement sonore</mxc:subfield>      <mxc:subfield code="f">Leo Ornstein, comp.</mxc:subfield>      <mxc:subfield code="j">Arsentiy Kharitonov, p</mxc:subfield>   </mxc:datafield>   <mxc:datafield tag="260" ind1=" " ind2=" ">      <mxc:subfield code="a">London</mxc:subfield>      <mxc:subfield code="c">Toccata classics</mxc:subfield>      <mxc:subfield code="d">2012-....</mxc:subfield>   </mxc:datafield>   <mxc:datafield tag="280" ind1=" " ind2=" ">      <mxc:subfield code="a">disques compacts</mxc:subfield>   </mxc:datafield>   <mxc:datafield tag="430" ind1=" " ind2=" ">      <mxc:subfield code="3">43647663</mxc:subfield>      <mxc:subfield code="t">Complete waltzes / Leo Ornstein, comp.</mxc:subfield>      <mxc:subfield code="s">Toccata classics TOCC 0167</mxc:subfield>   </mxc:datafield>   <mxc:datafield tag="430" ind1=" " ind2=" ">      <mxc:subfield code="3">42728171</mxc:subfield>      <mxc:subfield code="t">Four impromptus, s300A</mxc:subfield>      <mxc:subfield code="s">Toccata classics TOCC 0141</mxc:subfield>   </mxc:datafield>   <mxc:datafield tag="640" ind1="1" ind2=" ">      <mxc:subfield code="a">10909</mxc:subfield>      <mxc:subfield code="b">10900</mxc:subfield>   </mxc:datafield>   <mxc:datafield tag="645" ind1="1" ind2=" ">      <mxc:subfield code="a">1107</mxc:subfield>   </mxc:datafield>   <mxc:datafield tag="701" ind1=" " ind2=" ">      <mxc:subfield code="3">16664245</mxc:subfield>      <mxc:subfield code="1">ISNI0000000458879679</mxc:subfield>      <mxc:subfield code="w"> 0  barus </mxc:subfield>      <mxc:subfield code="a">Haritonov</mxc:subfield>      <mxc:subfield code="m">Arsentij</mxc:subfield>      <mxc:subfield code="4">1560</mxc:subfield>   </mxc:datafield>   <mxc:datafield tag="723" ind1=" " ind2=" ">      <mxc:subfield code="3">16209249</mxc:subfield>      <mxc:subfield code="w">    b     </mxc:subfield>      <mxc:subfield code="a">Toccata classics</mxc:subfield>   </mxc:datafield>
</mxc:record>      </srw:recordData>
<srw:recordIdentifier>ark:/12148/cb43540423b</srw:recordIdentifier>
<srw:recordPosition>12</srw:recordPosition>
<srw:extraRecordData>
<ixm:attr name="CreationDate">20130225</ixm:attr>
<ixm:attr name="LastModificationDate">20130225</ixm:attr>
<mn:score>1.8202889</mn:score>
</srw:extraRecordData>
</srw:record>