
<srw:record>
<srw:recordSchema>marcxchange</srw:recordSchema>
<srw:recordPacking>xml</srw:recordPacking>
<srw:recordData>
<mxc:record xmlns:mxc="info:lc/xmlns/marcxchange-v2" format="INTERMARC" id="ark:/12148/cb433489955" type="Bibliographic">   <mxc:leader>00578n52s 22000271 145g </mxc:leader>   <mxc:controlfield tag="001">FRBNF433489950000001</mxc:controlfield>   <mxc:controlfield tag="003">http://catalogue.bnf.fr/ark:/12148/cb433489955</mxc:controlfield>   <mxc:controlfield tag="008">120319n                      frfre m?xxb      </mxc:controlfield>   <mxc:controlfield tag="009">gx            xuu</mxc:controlfield>   <mxc:datafield tag="051" ind1=" " ind2=" ">      <mxc:subfield code="a">prm</mxc:subfield>      <mxc:subfield code="b">s</mxc:subfield>   </mxc:datafield>   <mxc:datafield tag="222" ind1="0" ind2="0">      <mxc:subfield code="a">Chansons et rondes pour enfants</mxc:subfield>   </mxc:datafield>   <mxc:datafield tag="245" ind1="1" ind2=" ">      <mxc:subfield code="a">Chansons et rondes pour enfants</mxc:subfield>      <mxc:subfield code="d">Enregistrement sonore</mxc:subfield>   </mxc:datafield>   <mxc:datafield tag="260" ind1=" " ind2=" ">      <mxc:subfield code="a">[Paris]</mxc:subfield>      <mxc:subfield code="c">Desclée, De Brouwer</mxc:subfield>      <mxc:subfield code="d">[s.d.]</mxc:subfield>   </mxc:datafield>   <mxc:datafield tag="280" ind1=" " ind2=" ">      <mxc:subfield code="d">29 cm</mxc:subfield>   </mxc:datafield>   <mxc:datafield tag="300" ind1=" " ind2=" ">      <mxc:subfield code="a">Collection dont chaque volume est décrit séparément</mxc:subfield>   </mxc:datafield>   <mxc:datafield tag="690" ind1=" " ind2=" ">      <mxc:subfield code="a">FichGén</mxc:subfield>   </mxc:datafield>   <mxc:datafield tag="917" ind1=" " ind2=" ">      <mxc:subfield code="o">MUS</mxc:subfield>      <mxc:subfield code="a">FG059706010001PC </mxc:subfield>   </mxc:datafield>   <mxc:datafield tag="930" ind1=" " ind2=" ">      <mxc:subfield code="c">BNF</mxc:subfield>      <mxc:subfield code="d">MUS</mxc:subfield>      <mxc:subfield code="a">VMA-1342</mxc:subfield>   </mxc:datafield>   <mxc:datafield tag="930" ind1=" " ind2=" ">      <mxc:subfield code="c">BNF</mxc:subfield>      <mxc:subfield code="d">MUS</mxc:subfield>      <mxc:subfield code="a">G-11593</mxc:subfield>      <mxc:subfield code="n">Ancien fonds du Conservatoire</mxc:subfield>   </mxc:datafield>   <mxc:datafield tag="930" ind1=" " ind2=" ">      <mxc:subfield code="c">BNF</mxc:subfield>      <mxc:subfield code="d">MUS</mxc:subfield>      <mxc:subfield code="a">LVM17-1</mxc:subfield>      <mxc:subfield code="b">disque</mxc:subfield>   </mxc:datafield>   <mxc:datafield tag="930" ind1=" " ind2=" ">      <mxc:subfield code="c">BNF</mxc:subfield>      <mxc:subfield code="d">MUS</mxc:subfield>      <mxc:subfield code="a">LD17-30</mxc:subfield>      <mxc:subfield code="b">disque</mxc:subfield>      <mxc:subfield code="n">Ancien fonds du Conservatoire</mxc:subfield>   </mxc:datafield>
</mxc:record>      </srw:recordData>
<srw:recordIdentifier>ark:/12148/cb433489955</srw:recordIdentifier>
<srw:recordPosition>14</srw:recordPosition>
<srw:extraRecordData>
<ixm:attr name="CreationDate">20130105</ixm:attr>
<ixm:attr name="LastModificationDate">20130105</ixm:attr>
<mn:score>1.8202889</mn:score>
</srw:extraRecordData>
</srw:record>