
<srw:record>
<srw:recordSchema>marcxchange</srw:recordSchema>
<srw:recordPacking>xml</srw:recordPacking>
<srw:recordData>
<mxc:record xmlns:mxc="info:lc/xmlns/marcxchange-v2" format="INTERMARC" id="ark:/12148/cb43346800w" type="Bibliographic">   <mxc:leader>00623n62s 22000271h145g </mxc:leader>   <mxc:controlfield tag="001">FRBNF433468000000003</mxc:controlfield>   <mxc:controlfield tag="003">http://catalogue.bnf.fr/ark:/12148/cb43346800w</mxc:controlfield>   <mxc:controlfield tag="008">120319c 1972                 chfre m?xxb      </mxc:controlfield>   <mxc:controlfield tag="009">gx            xuu</mxc:controlfield>   <mxc:datafield tag="051" ind1=" " ind2=" ">      <mxc:subfield code="a">prm</mxc:subfield>      <mxc:subfield code="b">s</mxc:subfield>   </mxc:datafield>   <mxc:datafield tag="222" ind1="0" ind2="0">      <mxc:subfield code="a">Archives musicales de folklore de Madame Merlier</mxc:subfield>   </mxc:datafield>   <mxc:datafield tag="245" ind1="1" ind2=" ">      <mxc:subfield code="a">Archives musicales de folklore de Madame Merlier</mxc:subfield>      <mxc:subfield code="d">Enregistrement sonore</mxc:subfield>   </mxc:datafield>   <mxc:datafield tag="260" ind1=" " ind2=" ">      <mxc:subfield code="a">Genève</mxc:subfield>      <mxc:subfield code="c">Minkoff</mxc:subfield>      <mxc:subfield code="d">1972-</mxc:subfield>   </mxc:datafield>   <mxc:datafield tag="280" ind1=" " ind2=" ">      <mxc:subfield code="a">In-fol.</mxc:subfield>   </mxc:datafield>   <mxc:datafield tag="300" ind1=" " ind2=" ">      <mxc:subfield code="a">Titre général dont chaque partie est décrite séparément.</mxc:subfield>      <mxc:subfield code="a">Reprend les Archives musicales de folklore</mxc:subfield>   </mxc:datafield>   <mxc:datafield tag="690" ind1=" " ind2=" ">      <mxc:subfield code="a">FichGén</mxc:subfield>   </mxc:datafield>   <mxc:datafield tag="917" ind1=" " ind2=" ">      <mxc:subfield code="o">MUS</mxc:subfield>      <mxc:subfield code="a">FG059416490001PC </mxc:subfield>   </mxc:datafield>   <mxc:datafield tag="930" ind1=" " ind2=" ">      <mxc:subfield code="c">BNF</mxc:subfield>      <mxc:subfield code="d">MUS</mxc:subfield>      <mxc:subfield code="a">VMA-2582</mxc:subfield>   </mxc:datafield>   <mxc:datafield tag="930" ind1=" " ind2=" ">      <mxc:subfield code="c">BNF</mxc:subfield>      <mxc:subfield code="d">CONS</mxc:subfield>      <mxc:subfield code="a">FOL-B-212</mxc:subfield>   </mxc:datafield>   <mxc:datafield tag="930" ind1=" " ind2=" ">      <mxc:subfield code="c">BNF</mxc:subfield>      <mxc:subfield code="d">MUS</mxc:subfield>      <mxc:subfield code="a">LVM17-144</mxc:subfield>      <mxc:subfield code="b">disque</mxc:subfield>   </mxc:datafield>   <mxc:datafield tag="930" ind1=" " ind2=" ">      <mxc:subfield code="c">BNF</mxc:subfield>      <mxc:subfield code="d">MUS</mxc:subfield>      <mxc:subfield code="a">LD17-16</mxc:subfield>      <mxc:subfield code="b">disque</mxc:subfield>      <mxc:subfield code="n">Ancien fonds du Conservatoire</mxc:subfield>   </mxc:datafield>
</mxc:record>      </srw:recordData>
<srw:recordIdentifier>ark:/12148/cb43346800w</srw:recordIdentifier>
<srw:recordPosition>16</srw:recordPosition>
<srw:extraRecordData>
<ixm:attr name="CreationDate">20130105</ixm:attr>
<ixm:attr name="LastModificationDate">20130105</ixm:attr>
<mn:score>1.8200492</mn:score>
</srw:extraRecordData>
</srw:record>