
<srw:record>
<srw:recordSchema>marcxchange</srw:recordSchema>
<srw:recordPacking>xml</srw:recordPacking>
<srw:recordData>
<mxc:record xmlns:mxc="info:lc/xmlns/marcxchange-v2" format="INTERMARC" id="ark:/12148/cb43349870s" type="Bibliographic">   <mxc:leader>00629n52s 22000271 145g </mxc:leader>   <mxc:controlfield tag="001">FRBNF433498700000001</mxc:controlfield>   <mxc:controlfield tag="003">http://catalogue.bnf.fr/ark:/12148/cb43349870s</mxc:controlfield>   <mxc:controlfield tag="008">120319c 1984                 frfre m?xxb      </mxc:controlfield>   <mxc:controlfield tag="009">gx            xuu</mxc:controlfield>   <mxc:datafield tag="051" ind1=" " ind2=" ">      <mxc:subfield code="a">prm</mxc:subfield>      <mxc:subfield code="b">s</mxc:subfield>   </mxc:datafield>   <mxc:datafield tag="222" ind1="0" ind2="0">      <mxc:subfield code="a">Collection Guy Touvron</mxc:subfield>   </mxc:datafield>   <mxc:datafield tag="245" ind1="1" ind2=" ">      <mxc:subfield code="a">Collection Guy Touvron</mxc:subfield>      <mxc:subfield code="d">Enregistrement sonore</mxc:subfield>   </mxc:datafield>   <mxc:datafield tag="260" ind1=" " ind2=" ">      <mxc:subfield code="a">Courlay</mxc:subfield>      <mxc:subfield code="c">J. M. Fuzeau</mxc:subfield>      <mxc:subfield code="d">cop. 1984-</mxc:subfield>   </mxc:datafield>   <mxc:datafield tag="280" ind1=" " ind2=" ">      <mxc:subfield code="c">Couv. ill.</mxc:subfield>      <mxc:subfield code="d">32 cm</mxc:subfield>   </mxc:datafield>   <mxc:datafield tag="300" ind1=" " ind2=" ">      <mxc:subfield code="a">Collection dont chaque vol. est décrit séparément</mxc:subfield>   </mxc:datafield>   <mxc:datafield tag="690" ind1=" " ind2=" ">      <mxc:subfield code="a">FichGén</mxc:subfield>   </mxc:datafield>   <mxc:datafield tag="700" ind1=" " ind2=" ">      <mxc:subfield code="3">13900526</mxc:subfield>      <mxc:subfield code="1">ISNI0000000114705405</mxc:subfield>      <mxc:subfield code="w"> 0  b     </mxc:subfield>      <mxc:subfield code="a">Touvron</mxc:subfield>      <mxc:subfield code="m">Guy</mxc:subfield>      <mxc:subfield code="d">1950-2024</mxc:subfield>      <mxc:subfield code="4">0360</mxc:subfield>   </mxc:datafield>   <mxc:datafield tag="917" ind1=" " ind2=" ">      <mxc:subfield code="o">MUS</mxc:subfield>      <mxc:subfield code="a">FG059809700001PC </mxc:subfield>   </mxc:datafield>   <mxc:datafield tag="930" ind1=" " ind2=" ">      <mxc:subfield code="c">BNF</mxc:subfield>      <mxc:subfield code="d">MUS</mxc:subfield>      <mxc:subfield code="a">VMG-24126</mxc:subfield>   </mxc:datafield>   <mxc:datafield tag="930" ind1=" " ind2=" ">      <mxc:subfield code="c">BNF</mxc:subfield>      <mxc:subfield code="d">CONS</mxc:subfield>      <mxc:subfield code="a">G-20843</mxc:subfield>   </mxc:datafield>   <mxc:datafield tag="930" ind1=" " ind2=" ">      <mxc:subfield code="c">BNF</mxc:subfield>      <mxc:subfield code="d">MUS</mxc:subfield>      <mxc:subfield code="a">LVM17-229</mxc:subfield>      <mxc:subfield code="b">disque</mxc:subfield>   </mxc:datafield>   <mxc:datafield tag="930" ind1=" " ind2=" ">      <mxc:subfield code="c">BNF</mxc:subfield>      <mxc:subfield code="d">MUS</mxc:subfield>      <mxc:subfield code="a">LD17-29</mxc:subfield>      <mxc:subfield code="b">disque</mxc:subfield>      <mxc:subfield code="n">Ancien fonds du Conservatoire</mxc:subfield>   </mxc:datafield>   <mxc:datafield tag="998" ind1=" " ind2=" ">      <mxc:subfield code="o">MUS</mxc:subfield>      <mxc:subfield code="a">FG055012340001S  </mxc:subfield>   </mxc:datafield>
</mxc:record>      </srw:recordData>
<srw:recordIdentifier>ark:/12148/cb43349870s</srw:recordIdentifier>
<srw:recordPosition>17</srw:recordPosition>
<srw:extraRecordData>
<ixm:attr name="CreationDate">20130105</ixm:attr>
<ixm:attr name="LastModificationDate">20130105</ixm:attr>
<mn:score>1.8200492</mn:score>
</srw:extraRecordData>
</srw:record>