
<srw:record>
<srw:recordSchema>marcxchange</srw:recordSchema>
<srw:recordPacking>xml</srw:recordPacking>
<srw:recordData>
<mxc:record xmlns:mxc="info:lc/xmlns/marcxchange-v2" format="INTERMARC" id="ark:/12148/cb39974841c" type="Bibliographic">   <mxc:leader>00596c01s 22000271 145g </mxc:leader>   <mxc:controlfield tag="001">FRBNF399748410000004</mxc:controlfield>   <mxc:controlfield tag="003">http://catalogue.bnf.fr/ark:/12148/cb39974841c</mxc:controlfield>   <mxc:controlfield tag="008">050524d 2004 200.            frfre pbxxb      </mxc:controlfield>   <mxc:controlfield tag="009">ge  r     1   cc </mxc:controlfield>   <mxc:datafield tag="028" ind1=" " ind2=" ">      <mxc:subfield code="e">Webmusic</mxc:subfield>      <mxc:subfield code="a">[sans réf.]</mxc:subfield>   </mxc:datafield>   <mxc:datafield tag="050" ind1=" " ind2=" ">      <mxc:subfield code="a">g03</mxc:subfield>   </mxc:datafield>   <mxc:datafield tag="051" ind1=" " ind2=" ">      <mxc:subfield code="a">prm</mxc:subfield>      <mxc:subfield code="b">s</mxc:subfield>   </mxc:datafield>   <mxc:datafield tag="222" ind1="0" ind2="0">      <mxc:subfield code="a">Chansons et comptines de Noël</mxc:subfield>   </mxc:datafield>   <mxc:datafield tag="245" ind1="1" ind2=" ">      <mxc:subfield code="a">Chansons et comptines de Noël</mxc:subfield>      <mxc:subfield code="d">Enregistrement sonore</mxc:subfield>      <mxc:subfield code="f">dir. publ. Manuel Ornato</mxc:subfield>   </mxc:datafield>   <mxc:datafield tag="255" ind1="2" ind2=" ">      <mxc:subfield code="a">N° 1 (2004)</mxc:subfield>      <mxc:subfield code="b">[200.]</mxc:subfield>   </mxc:datafield>   <mxc:datafield tag="260" ind1=" " ind2=" ">      <mxc:subfield code="a">Paris</mxc:subfield>      <mxc:subfield code="b">60 rue Vitruve ; 75020</mxc:subfield>      <mxc:subfield code="c">Webmusic</mxc:subfield>      <mxc:subfield code="c">distrib. Nouvelles messageries de la presse parisienne</mxc:subfield>      <mxc:subfield code="d">2004-[200.]</mxc:subfield>   </mxc:datafield>   <mxc:datafield tag="280" ind1=" " ind2=" ">      <mxc:subfield code="a">Disque compact</mxc:subfield>      <mxc:subfield code="e">planche</mxc:subfield>   </mxc:datafield>   <mxc:datafield tag="326" ind1="1" ind2=" ">      <mxc:subfield code="a">Bimestriel</mxc:subfield>   </mxc:datafield>   <mxc:datafield tag="352" ind1=" " ind2=" ">      <mxc:subfield code="a">Date de début d'après le site http://www.portail-presse.fr</mxc:subfield>   </mxc:datafield>   <mxc:datafield tag="723" ind1=" " ind2=" ">      <mxc:subfield code="3">14042500</mxc:subfield>      <mxc:subfield code="w">    b     </mxc:subfield>      <mxc:subfield code="a">Webmusic</mxc:subfield>   </mxc:datafield>
</mxc:record>      </srw:recordData>
<srw:recordIdentifier>ark:/12148/cb39974841c</srw:recordIdentifier>
<srw:recordPosition>18</srw:recordPosition>
<srw:extraRecordData>
<ixm:attr name="CreationDate">20050524</ixm:attr>
<ixm:attr name="LastModificationDate">20141031</ixm:attr>
<mn:score>1.8200492</mn:score>
</srw:extraRecordData>
</srw:record>