
<srw:record>
<srw:recordSchema>marcxchange</srw:recordSchema>
<srw:recordPacking>xml</srw:recordPacking>
<srw:recordData>
<mxc:record xmlns:mxc="info:lc/xmlns/marcxchange-v2" format="INTERMARC" id="ark:/12148/cb457654765" type="Bibliographic">   <mxc:leader>00654c9 m 2200027   45g </mxc:leader>   <mxc:controlfield tag="001">FRBNF457654760000007</mxc:controlfield>   <mxc:controlfield tag="003">http://catalogue.bnf.fr/ark:/12148/cb457654765</mxc:controlfield>   <mxc:controlfield tag="008">190709s 1968                 jpjpn     12x001 </mxc:controlfield>   <mxc:controlfield tag="009">g             bd </mxc:controlfield>   <mxc:datafield tag="028" ind1=" " ind2=" ">      <mxc:subfield code="e">Columbia</mxc:subfield>      <mxc:subfield code="a">DLS 4114</mxc:subfield>      <mxc:subfield code="c">pochette</mxc:subfield>   </mxc:datafield>   <mxc:datafield tag="050" ind1=" " ind2=" ">      <mxc:subfield code="a">g04</mxc:subfield>   </mxc:datafield>   <mxc:datafield tag="051" ind1=" " ind2=" ">      <mxc:subfield code="a">prm</mxc:subfield>      <mxc:subfield code="b">s</mxc:subfield>   </mxc:datafield>   <mxc:datafield tag="245" ind1="1" ind2=" ">      <mxc:subfield code="w">....bxjpn.</mxc:subfield>      <mxc:subfield code="a">Furusato no uta</mxc:subfield>      <mxc:subfield code="d">Enregistrement sonore</mxc:subfield>      <mxc:subfield code="i">Kinki hen</mxc:subfield>   </mxc:datafield>   <mxc:datafield tag="245" ind1="1" ind2=" ">      <mxc:subfield code="w">....1.jpn.</mxc:subfield>      <mxc:subfield code="a">ふるさとの歌</mxc:subfield>      <mxc:subfield code="d">Enregistrement sonore</mxc:subfield>      <mxc:subfield code="i">近畿篇</mxc:subfield>   </mxc:datafield>   <mxc:datafield tag="260" ind1=" " ind2=" ">      <mxc:subfield code="a">[S.l.]</mxc:subfield>      <mxc:subfield code="c">Columbia</mxc:subfield>      <mxc:subfield code="i">1968</mxc:subfield>   </mxc:datafield>   <mxc:datafield tag="280" ind1=" " ind2=" ">      <mxc:subfield code="a">1 disque</mxc:subfield>      <mxc:subfield code="c">33 t</mxc:subfield>      <mxc:subfield code="d">30 cm</mxc:subfield>   </mxc:datafield>   <mxc:datafield tag="295" ind1="1" ind2=" ">      <mxc:subfield code="w">....bxjpn.</mxc:subfield>      <mxc:subfield code="a">Kettei-kan Nihon min'yō-shū</mxc:subfield>   </mxc:datafield>   <mxc:datafield tag="295" ind1="1" ind2=" ">      <mxc:subfield code="w">....1.jpn.</mxc:subfield>      <mxc:subfield code="a">決定盤日本民謡集</mxc:subfield>   </mxc:datafield>   <mxc:datafield tag="410" ind1=" " ind2=" ">      <mxc:subfield code="3">45765466</mxc:subfield>      <mxc:subfield code="t">Kettei-kan Nihon min'yō-shū</mxc:subfield>      <mxc:subfield code="d">1968</mxc:subfield>   </mxc:datafield>   <mxc:datafield tag="606" ind1=" " ind2=" ">      <mxc:subfield code="3">16741784</mxc:subfield>      <mxc:subfield code="a">Chansons traditionnelles japonaises</mxc:subfield>      <mxc:subfield code="3">12107916</mxc:subfield>      <mxc:subfield code="y">Kansai</mxc:subfield>      <mxc:subfield code="g">Japon</mxc:subfield>   </mxc:datafield>
</mxc:record>      </srw:recordData>
<srw:recordIdentifier>ark:/12148/cb457654765</srw:recordIdentifier>
<srw:recordPosition>19</srw:recordPosition>
<srw:extraRecordData>
<ixm:attr name="CreationDate">20190709</ixm:attr>
<ixm:attr name="LastModificationDate">20241213</ixm:attr>
<mn:score>1.8200492</mn:score>
</srw:extraRecordData>
</srw:record>