
<srw:record>
<srw:recordSchema>marcxchange</srw:recordSchema>
<srw:recordPacking>xml</srw:recordPacking>
<srw:recordData>
<mxc:record xmlns:mxc="info:lc/xmlns/marcxchange-v2" format="INTERMARC" id="ark:/12148/cb40220281m" type="Bibliographic">   <mxc:leader>00642c01s 2200027  345g </mxc:leader>   <mxc:controlfield tag="001">FRBNF402202810000006</mxc:controlfield>   <mxc:controlfield tag="003">http://catalogue.bnf.fr/ark:/12148/cb40220281m</mxc:controlfield>   <mxc:controlfield tag="008">060901c 2003                 frzxx p? 7b      </mxc:controlfield>   <mxc:controlfield tag="009">ge  r     1  acc </mxc:controlfield>   <mxc:datafield tag="022" ind1="1" ind2=" ">      <mxc:subfield code="a">1775-4593</mxc:subfield>      <mxc:subfield code="c">1775-4593</mxc:subfield>   </mxc:datafield>   <mxc:datafield tag="051" ind1=" " ind2=" ">      <mxc:subfield code="a">prm</mxc:subfield>      <mxc:subfield code="b">s</mxc:subfield>   </mxc:datafield>   <mxc:datafield tag="222" ind1="1" ind2=" ">      <mxc:subfield code="a">Best of techno</mxc:subfield>      <mxc:subfield code="b">Deutsche Ausg.</mxc:subfield>   </mxc:datafield>   <mxc:datafield tag="245" ind1="1" ind2=" ">      <mxc:subfield code="a">Best of techno</mxc:subfield>      <mxc:subfield code="d">Enregistrement sonore</mxc:subfield>      <mxc:subfield code="e">die besten DJs des Augenblicks in einer brandeheißen Compilation</mxc:subfield>      <mxc:subfield code="f">[Manuel Ornato, Verlagleister]</mxc:subfield>   </mxc:datafield>   <mxc:datafield tag="255" ind1="2" ind2=" ">      <mxc:subfield code="a">N° 1([2003])</mxc:subfield>   </mxc:datafield>   <mxc:datafield tag="260" ind1=" " ind2=" ">      <mxc:subfield code="a">Paris</mxc:subfield>      <mxc:subfield code="b">60 rue Vitruve ; 75020</mxc:subfield>      <mxc:subfield code="c">Webmusic</mxc:subfield>      <mxc:subfield code="d">cop. 2003-</mxc:subfield>   </mxc:datafield>   <mxc:datafield tag="280" ind1=" " ind2=" ">      <mxc:subfield code="a">Disque compact</mxc:subfield>      <mxc:subfield code="e">1 planche</mxc:subfield>   </mxc:datafield>   <mxc:datafield tag="300" ind1=" " ind2=" ">      <mxc:subfield code="a">Titre provenant de la planche d'accompagnement</mxc:subfield>   </mxc:datafield>   <mxc:datafield tag="676" ind1=" " ind2=" ">      <mxc:subfield code="3">13733894</mxc:subfield>      <mxc:subfield code="i">780.905</mxc:subfield>      <mxc:subfield code="v">23</mxc:subfield>   </mxc:datafield>   <mxc:datafield tag="770" ind1="2" ind2=" ">      <mxc:subfield code="3">37586710</mxc:subfield>      <mxc:subfield code="t">Best of techno</mxc:subfield>      <mxc:subfield code="x">1628-8963</mxc:subfield>   </mxc:datafield>   <mxc:datafield tag="770" ind1="2" ind2=" ">      <mxc:subfield code="3">39101940</mxc:subfield>      <mxc:subfield code="t">Best of techno (Ed. italiana)</mxc:subfield>      <mxc:subfield code="x">1764-741X</mxc:subfield>   </mxc:datafield>
</mxc:record>      </srw:recordData>
<srw:recordIdentifier>ark:/12148/cb40220281m</srw:recordIdentifier>
<srw:recordPosition>20</srw:recordPosition>
<srw:extraRecordData>
<ixm:attr name="CreationDate">20060901</ixm:attr>
<ixm:attr name="LastModificationDate">20141031</ixm:attr>
<mn:score>1.8198172</mn:score>
</srw:extraRecordData>
</srw:record>