
<srw:record>
<srw:recordSchema>marcxchange</srw:recordSchema>
<srw:recordPacking>xml</srw:recordPacking>
<srw:recordData>
<mxc:record xmlns:mxc="info:lc/xmlns/marcxchange-v2" format="INTERMARC" id="ark:/12148/cb39928042f" type="Bibliographic">   <mxc:leader>00636c03m022000271  45g </mxc:leader>   <mxc:controlfield tag="001">FRBNF399280420000008</mxc:controlfield>   <mxc:controlfield tag="003">http://catalogue.bnf.fr/ark:/12148/cb39928042f</mxc:controlfield>   <mxc:controlfield tag="008">050301c 199.                 useng     b  0021</mxc:controlfield>   <mxc:controlfield tag="009">ge  d     1   cc </mxc:controlfield>   <mxc:datafield tag="028" ind1=" " ind2=" ">      <mxc:subfield code="e">Rounder</mxc:subfield>      <mxc:subfield code="a">CD 1714</mxc:subfield>      <mxc:subfield code="a">CD 1715</mxc:subfield>   </mxc:datafield>   <mxc:datafield tag="050" ind1=" " ind2=" ">      <mxc:subfield code="a">g03</mxc:subfield>   </mxc:datafield>   <mxc:datafield tag="051" ind1=" " ind2=" ">      <mxc:subfield code="a">prm</mxc:subfield>      <mxc:subfield code="a">spw</mxc:subfield>      <mxc:subfield code="b">s</mxc:subfield>   </mxc:datafield>   <mxc:datafield tag="245" ind1="1" ind2=" ">      <mxc:subfield code="a">Prison songs</mxc:subfield>      <mxc:subfield code="d">Enregistrement sonore</mxc:subfield>      <mxc:subfield code="e">historic recordings from Parchman Farm, 1947-48</mxc:subfield>      <mxc:subfield code="f">Alan Lomax, collecteur</mxc:subfield>   </mxc:datafield>   <mxc:datafield tag="260" ind1=" " ind2=" ">      <mxc:subfield code="a">Cambridge (Mass.)</mxc:subfield>      <mxc:subfield code="c">Rounder records</mxc:subfield>      <mxc:subfield code="d">P 199.</mxc:subfield>   </mxc:datafield>   <mxc:datafield tag="280" ind1=" " ind2=" ">      <mxc:subfield code="a">2 disques compacts</mxc:subfield>   </mxc:datafield>   <mxc:datafield tag="295" ind1="1" ind2=" ">      <mxc:subfield code="a">The Alan Lomax collection</mxc:subfield>   </mxc:datafield>   <mxc:datafield tag="314" ind1="2" ind2=" ">      <mxc:subfield code="p">us</mxc:subfield>      <mxc:subfield code="a">Parchaman (Miss.)</mxc:subfield>      <mxc:subfield code="c">Mississippi state penitentiary</mxc:subfield>      <mxc:subfield code="d">19470000</mxc:subfield>   </mxc:datafield>   <mxc:datafield tag="640" ind1="1" ind2=" ">      <mxc:subfield code="a">10701</mxc:subfield>      <mxc:subfield code="b">10700</mxc:subfield>   </mxc:datafield>   <mxc:datafield tag="640" ind1="1" ind2=" ">      <mxc:subfield code="a">11302</mxc:subfield>      <mxc:subfield code="b">11300</mxc:subfield>   </mxc:datafield>   <mxc:datafield tag="645" ind1="1" ind2=" ">      <mxc:subfield code="a">1107</mxc:subfield>      <mxc:subfield code="d">1445</mxc:subfield>   </mxc:datafield>   <mxc:datafield tag="700" ind1=" " ind2=" ">      <mxc:subfield code="3">12403042</mxc:subfield>      <mxc:subfield code="1">ISNI0000000114721894</mxc:subfield>      <mxc:subfield code="w"> 0  b.....</mxc:subfield>      <mxc:subfield code="a">Lomax</mxc:subfield>      <mxc:subfield code="m">Alan</mxc:subfield>      <mxc:subfield code="d">1915-2002</mxc:subfield>      <mxc:subfield code="4">0180</mxc:subfield>   </mxc:datafield>   <mxc:datafield tag="723" ind1=" " ind2=" ">      <mxc:subfield code="3">13972428</mxc:subfield>      <mxc:subfield code="w">    b     </mxc:subfield>      <mxc:subfield code="a">Rounder</mxc:subfield>   </mxc:datafield>
</mxc:record>      </srw:recordData>
<srw:recordIdentifier>ark:/12148/cb39928042f</srw:recordIdentifier>
<srw:recordPosition>21</srw:recordPosition>
<srw:extraRecordData>
<ixm:attr name="CreationDate">20050301</ixm:attr>
<ixm:attr name="LastModificationDate">20050914</ixm:attr>
<mn:score>1.8198172</mn:score>
</srw:extraRecordData>
</srw:record>