
<srw:record>
<srw:recordSchema>marcxchange</srw:recordSchema>
<srw:recordPacking>xml</srw:recordPacking>
<srw:recordData>
<mxc:record xmlns:mxc="info:lc/xmlns/marcxchange-v2" format="INTERMARC" id="ark:/12148/cb42094033j" type="Bibliographic">   <mxc:leader>00507c02s 2200027 i245g </mxc:leader>   <mxc:controlfield tag="001">FRBNF42094033000000X</mxc:controlfield>   <mxc:controlfield tag="003">http://catalogue.bnf.fr/ark:/12148/cb42094033j</mxc:controlfield>   <mxc:controlfield tag="008">091109c 198.                 frzxx m? 7b      </mxc:controlfield>   <mxc:controlfield tag="009">ge  m     1  acu </mxc:controlfield>   <mxc:datafield tag="022" ind1="1" ind2=" ">      <mxc:subfield code="a">2105-2395</mxc:subfield>      <mxc:subfield code="c">2105-2395</mxc:subfield>   </mxc:datafield>   <mxc:datafield tag="050" ind1=" " ind2=" ">      <mxc:subfield code="a">g03</mxc:subfield>   </mxc:datafield>   <mxc:datafield tag="051" ind1=" " ind2=" ">      <mxc:subfield code="a">prm</mxc:subfield>      <mxc:subfield code="b">s</mxc:subfield>   </mxc:datafield>   <mxc:datafield tag="222" ind1="1" ind2=" ">      <mxc:subfield code="a">Rouge &amp; noir</mxc:subfield>      <mxc:subfield code="b">Paris</mxc:subfield>   </mxc:datafield>   <mxc:datafield tag="245" ind1="1" ind2=" ">      <mxc:subfield code="a">Rouge &amp; noir</mxc:subfield>      <mxc:subfield code="d">Enregistrement sonore</mxc:subfield>   </mxc:datafield>   <mxc:datafield tag="260" ind1=" " ind2=" ">      <mxc:subfield code="a">[Paris]</mxc:subfield>      <mxc:subfield code="b">[118 rue du Mont Cenis ; 75891 Cedex 18]</mxc:subfield>      <mxc:subfield code="c">EMI music France</mxc:subfield>      <mxc:subfield code="d">[198.?]-</mxc:subfield>   </mxc:datafield>   <mxc:datafield tag="280" ind1=" " ind2=" ">      <mxc:subfield code="a">Disque compact</mxc:subfield>      <mxc:subfield code="e">brochure</mxc:subfield>   </mxc:datafield>   <mxc:datafield tag="326" ind1="1" ind2=" ">      <mxc:subfield code="a">Collection</mxc:subfield>   </mxc:datafield>   <mxc:datafield tag="676" ind1=" " ind2=" ">      <mxc:subfield code="3">13733926</mxc:subfield>      <mxc:subfield code="i">781.680 5</mxc:subfield>      <mxc:subfield code="v">23</mxc:subfield>   </mxc:datafield>   <mxc:datafield tag="750" ind1="2" ind2="0">      <mxc:subfield code="a">Rouge et noir</mxc:subfield>   </mxc:datafield>
</mxc:record>      </srw:recordData>
<srw:recordIdentifier>ark:/12148/cb42094033j</srw:recordIdentifier>
<srw:recordPosition>22</srw:recordPosition>
<srw:extraRecordData>
<ixm:attr name="CreationDate">20091109</ixm:attr>
<ixm:attr name="LastModificationDate">20240729</ixm:attr>
<mn:score>1.8198172</mn:score>
</srw:extraRecordData>
</srw:record>