
<srw:record>
<srw:recordSchema>marcxchange</srw:recordSchema>
<srw:recordPacking>xml</srw:recordPacking>
<srw:recordData>
<mxc:record xmlns:mxc="info:lc/xmlns/marcxchange-v2" format="INTERMARC" id="ark:/12148/cb43577189r" type="Bibliographic">   <mxc:leader>00507n03m02200027   45g </mxc:leader>   <mxc:controlfield tag="001">FRBNF435771890000002</mxc:controlfield>   <mxc:controlfield tag="003">http://catalogue.bnf.fr/ark:/12148/cb43577189r</mxc:controlfield>   <mxc:controlfield tag="008">130423c 2012                 dezxx     b     1</mxc:controlfield>   <mxc:controlfield tag="009">ge  m         cc </mxc:controlfield>   <mxc:datafield tag="028" ind1=" " ind2=" ">      <mxc:subfield code="e">Grand piano</mxc:subfield>      <mxc:subfield code="a">GP610</mxc:subfield>      <mxc:subfield code="c">boîte</mxc:subfield>   </mxc:datafield>   <mxc:datafield tag="044" ind1=" " ind2=" ">      <mxc:subfield code="f">c2012</mxc:subfield>   </mxc:datafield>   <mxc:datafield tag="050" ind1=" " ind2=" ">      <mxc:subfield code="a">g03</mxc:subfield>   </mxc:datafield>   <mxc:datafield tag="051" ind1=" " ind2=" ">      <mxc:subfield code="a">prm</mxc:subfield>      <mxc:subfield code="b">s</mxc:subfield>   </mxc:datafield>   <mxc:datafield tag="245" ind1="0" ind2=" ">      <mxc:subfield code="a">Complete piano works</mxc:subfield>      <mxc:subfield code="d">Enregistrement sonore</mxc:subfield>      <mxc:subfield code="f">Saint-Saëns, comp.</mxc:subfield>      <mxc:subfield code="j">Geoffrey Burleson, p</mxc:subfield>   </mxc:datafield>   <mxc:datafield tag="260" ind1=" " ind2=" ">      <mxc:subfield code="a">[Allemagne]</mxc:subfield>      <mxc:subfield code="c">HNH international</mxc:subfield>      <mxc:subfield code="d">2012-</mxc:subfield>   </mxc:datafield>   <mxc:datafield tag="280" ind1=" " ind2=" ">      <mxc:subfield code="a">Disques compacts</mxc:subfield>      <mxc:subfield code="e">1 brochure</mxc:subfield>   </mxc:datafield>   <mxc:datafield tag="352" ind1=" " ind2=" ">      <mxc:subfield code="a">Prod. : HNH international</mxc:subfield>   </mxc:datafield>   <mxc:datafield tag="352" ind1=" " ind2="4">      <mxc:subfield code="a">Prod. : HNH international</mxc:subfield>   </mxc:datafield>   <mxc:datafield tag="640" ind1="1" ind2=" ">      <mxc:subfield code="a">10909</mxc:subfield>      <mxc:subfield code="b">10900</mxc:subfield>   </mxc:datafield>   <mxc:datafield tag="645" ind1="1" ind2=" ">      <mxc:subfield code="a">1107</mxc:subfield>   </mxc:datafield>   <mxc:datafield tag="723" ind1=" " ind2=" ">      <mxc:subfield code="3">16608513</mxc:subfield>      <mxc:subfield code="w">    b     </mxc:subfield>      <mxc:subfield code="a">Grand piano</mxc:subfield>   </mxc:datafield>
</mxc:record>      </srw:recordData>
<srw:recordIdentifier>ark:/12148/cb43577189r</srw:recordIdentifier>
<srw:recordPosition>23</srw:recordPosition>
<srw:extraRecordData>
<ixm:attr name="CreationDate">20130423</ixm:attr>
<ixm:attr name="LastModificationDate">20260414</ixm:attr>
<mn:score>1.8198172</mn:score>
</srw:extraRecordData>
</srw:record>