
<srw:record>
<srw:recordSchema>marcxchange</srw:recordSchema>
<srw:recordPacking>xml</srw:recordPacking>
<srw:recordData>
<mxc:record xmlns:mxc="info:lc/xmlns/marcxchange-v2" format="INTERMARC" id="ark:/12148/cb45765709v" type="Bibliographic">   <mxc:leader>00670c9 m 2200027   45g </mxc:leader>   <mxc:controlfield tag="001">FRBNF457657090000000</mxc:controlfield>   <mxc:controlfield tag="003">http://catalogue.bnf.fr/ark:/12148/cb45765709v</mxc:controlfield>   <mxc:controlfield tag="008">190709q 19..                 jpjpn     12x002 </mxc:controlfield>   <mxc:controlfield tag="009">g         1   bd </mxc:controlfield>   <mxc:datafield tag="028" ind1=" " ind2=" ">      <mxc:subfield code="e">Victor</mxc:subfield>      <mxc:subfield code="a">VP 3018</mxc:subfield>      <mxc:subfield code="a">VP 3019</mxc:subfield>      <mxc:subfield code="c">album</mxc:subfield>   </mxc:datafield>   <mxc:datafield tag="050" ind1=" " ind2=" ">      <mxc:subfield code="a">g04</mxc:subfield>   </mxc:datafield>   <mxc:datafield tag="051" ind1=" " ind2=" ">      <mxc:subfield code="a">prm</mxc:subfield>      <mxc:subfield code="b">s</mxc:subfield>   </mxc:datafield>   <mxc:datafield tag="245" ind1="1" ind2=" ">      <mxc:subfield code="w">....bxjpn.</mxc:subfield>      <mxc:subfield code="a">Tokiwazu</mxc:subfield>      <mxc:subfield code="d">Enregistrement sonore</mxc:subfield>      <mxc:subfield code="f">Gunji Masakatsu hen</mxc:subfield>   </mxc:datafield>   <mxc:datafield tag="245" ind1="1" ind2=" ">      <mxc:subfield code="w">....1.jpn.</mxc:subfield>      <mxc:subfield code="a">常磐津</mxc:subfield>      <mxc:subfield code="d">Enregistrement sonore</mxc:subfield>      <mxc:subfield code="f">郡司正勝編</mxc:subfield>   </mxc:datafield>   <mxc:datafield tag="260" ind1=" " ind2=" ">      <mxc:subfield code="a">Yokohama</mxc:subfield>      <mxc:subfield code="c">Victor company of Japan</mxc:subfield>      <mxc:subfield code="d">[19..]</mxc:subfield>   </mxc:datafield>   <mxc:datafield tag="280" ind1=" " ind2=" ">      <mxc:subfield code="a">2 disques</mxc:subfield>      <mxc:subfield code="c">33 t</mxc:subfield>      <mxc:subfield code="d">30 cm</mxc:subfield>      <mxc:subfield code="e">brochure</mxc:subfield>   </mxc:datafield>   <mxc:datafield tag="295" ind1="1" ind2=" ">      <mxc:subfield code="w">....bxjpn.</mxc:subfield>      <mxc:subfield code="a">Hōgaku taikei</mxc:subfield>      <mxc:subfield code="v">7</mxc:subfield>   </mxc:datafield>   <mxc:datafield tag="295" ind1="1" ind2=" ">      <mxc:subfield code="w">....1.jpn.</mxc:subfield>      <mxc:subfield code="a">邦楽大系</mxc:subfield>      <mxc:subfield code="v">7</mxc:subfield>   </mxc:datafield>   <mxc:datafield tag="410" ind1=" " ind2=" ">      <mxc:subfield code="3">45765692</mxc:subfield>      <mxc:subfield code="t">Hōgaku taikei</mxc:subfield>      <mxc:subfield code="v">7</mxc:subfield>   </mxc:datafield>   <mxc:datafield tag="606" ind1=" " ind2=" ">      <mxc:subfield code="3">16741784</mxc:subfield>      <mxc:subfield code="a">Chansons traditionnelles japonaises</mxc:subfield>   </mxc:datafield>   <mxc:datafield tag="700" ind1=" " ind2=" ">      <mxc:subfield code="3">12805407</mxc:subfield>      <mxc:subfield code="1">ISNI0000000109242784</mxc:subfield>      <mxc:subfield code="w">.0..bxjpn.</mxc:subfield>      <mxc:subfield code="a">Gunji</mxc:subfield>      <mxc:subfield code="m">Masakatsu</mxc:subfield>      <mxc:subfield code="d">1913-1998</mxc:subfield>      <mxc:subfield code="4">0360</mxc:subfield>   </mxc:datafield>
</mxc:record>      </srw:recordData>
<srw:recordIdentifier>ark:/12148/cb45765709v</srw:recordIdentifier>
<srw:recordPosition>24</srw:recordPosition>
<srw:extraRecordData>
<ixm:attr name="CreationDate">20190709</ixm:attr>
<ixm:attr name="LastModificationDate">20241213</ixm:attr>
<mn:score>1.8198172</mn:score>
</srw:extraRecordData>
</srw:record>