
<srw:record>
<srw:recordSchema>marcxchange</srw:recordSchema>
<srw:recordPacking>xml</srw:recordPacking>
<srw:recordData>
<mxc:record xmlns:mxc="info:lc/xmlns/marcxchange-v2" format="INTERMARC" id="ark:/12148/cb45765361v" type="Bibliographic">   <mxc:leader>00955c9 m 2200027   45g </mxc:leader>   <mxc:controlfield tag="001">FRBNF457653610000009</mxc:controlfield>   <mxc:controlfield tag="003">http://catalogue.bnf.fr/ark:/12148/cb45765361v</mxc:controlfield>   <mxc:controlfield tag="008">190709q 19..                 jpjpn     12x002 </mxc:controlfield>   <mxc:controlfield tag="009">g             bd </mxc:controlfield>   <mxc:datafield tag="028" ind1=" " ind2=" ">      <mxc:subfield code="e">Teichiku</mxc:subfield>      <mxc:subfield code="a">NL 2644</mxc:subfield>      <mxc:subfield code="a">NL 2645</mxc:subfield>      <mxc:subfield code="c">pochette</mxc:subfield>   </mxc:datafield>   <mxc:datafield tag="050" ind1=" " ind2=" ">      <mxc:subfield code="a">g04</mxc:subfield>   </mxc:datafield>   <mxc:datafield tag="051" ind1=" " ind2=" ">      <mxc:subfield code="a">prm</mxc:subfield>      <mxc:subfield code="b">s</mxc:subfield>   </mxc:datafield>   <mxc:datafield tag="245" ind1="1" ind2=" ">      <mxc:subfield code="w">....bxjpn.</mxc:subfield>      <mxc:subfield code="a">Sugino heisōchō no tsuma</mxc:subfield>      <mxc:subfield code="d">Enregistrement sonore</mxc:subfield>      <mxc:subfield code="b">Mabuta no haha</mxc:subfield>      <mxc:subfield code="b">Haha no mizūmi</mxc:subfield>      <mxc:subfield code="f">Itami Hideko</mxc:subfield>   </mxc:datafield>   <mxc:datafield tag="245" ind1="1" ind2=" ">      <mxc:subfield code="w">....1.jpn.</mxc:subfield>      <mxc:subfield code="a">杉野兵曹長の妻</mxc:subfield>      <mxc:subfield code="d">Enregistrement sonore</mxc:subfield>      <mxc:subfield code="b">瞼の母</mxc:subfield>      <mxc:subfield code="b">母の湖</mxc:subfield>      <mxc:subfield code="f">伊丹秀子</mxc:subfield>   </mxc:datafield>   <mxc:datafield tag="260" ind1=" " ind2=" ">      <mxc:subfield code="a">[S.l.]</mxc:subfield>      <mxc:subfield code="c">Teichiku</mxc:subfield>      <mxc:subfield code="d">[19..]</mxc:subfield>   </mxc:datafield>   <mxc:datafield tag="280" ind1=" " ind2=" ">      <mxc:subfield code="a">2 disques</mxc:subfield>      <mxc:subfield code="c">33 t</mxc:subfield>      <mxc:subfield code="d">30 cm</mxc:subfield>   </mxc:datafield>   <mxc:datafield tag="295" ind1="1" ind2=" ">      <mxc:subfield code="w">....bxjpn.</mxc:subfield>      <mxc:subfield code="a">Rōkyoku meijin kessaku kōenroku</mxc:subfield>   </mxc:datafield>   <mxc:datafield tag="295" ind1="1" ind2=" ">      <mxc:subfield code="w">....1.jpn.</mxc:subfield>      <mxc:subfield code="a">浪曲名人傑作口演録</mxc:subfield>   </mxc:datafield>   <mxc:datafield tag="410" ind1=" " ind2=" ">      <mxc:subfield code="3">45765356</mxc:subfield>      <mxc:subfield code="t">Rōkyoku meijin kessaku kōenroku</mxc:subfield>      <mxc:subfield code="d">19..</mxc:subfield>   </mxc:datafield>   <mxc:datafield tag="606" ind1=" " ind2=" ">      <mxc:subfield code="3">16741784</mxc:subfield>      <mxc:subfield code="a">Chansons traditionnelles japonaises</mxc:subfield>   </mxc:datafield>   <mxc:datafield tag="701" ind1=" " ind2=" ">      <mxc:subfield code="3">17824384</mxc:subfield>      <mxc:subfield code="1">ISNI0000000375684243</mxc:subfield>      <mxc:subfield code="w">.0..bxjpn.</mxc:subfield>      <mxc:subfield code="a">Itami</mxc:subfield>      <mxc:subfield code="m">Hideko</mxc:subfield>      <mxc:subfield code="d">1909-1995</mxc:subfield>      <mxc:subfield code="4">1030</mxc:subfield>   </mxc:datafield>   <mxc:datafield tag="748" ind1=" " ind2=" ">      <mxc:subfield code="w">....bxjpn.</mxc:subfield>      <mxc:subfield code="a">Mabuta no haha</mxc:subfield>   </mxc:datafield>   <mxc:datafield tag="748" ind1=" " ind2=" ">      <mxc:subfield code="w">....1.jpn.</mxc:subfield>      <mxc:subfield code="a">瞼の母</mxc:subfield>   </mxc:datafield>   <mxc:datafield tag="748" ind1=" " ind2=" ">      <mxc:subfield code="w">....bxjpn.</mxc:subfield>      <mxc:subfield code="a">Haha no mizūmi</mxc:subfield>   </mxc:datafield>   <mxc:datafield tag="748" ind1=" " ind2=" ">      <mxc:subfield code="w">....1.jpn.</mxc:subfield>      <mxc:subfield code="a">母の湖</mxc:subfield>   </mxc:datafield>
</mxc:record>      </srw:recordData>
<srw:recordIdentifier>ark:/12148/cb45765361v</srw:recordIdentifier>
<srw:recordPosition>25</srw:recordPosition>
<srw:extraRecordData>
<ixm:attr name="CreationDate">20190709</ixm:attr>
<ixm:attr name="LastModificationDate">20241213</ixm:attr>
<mn:score>1.8193746</mn:score>
</srw:extraRecordData>
</srw:record>