
<srw:record>
<srw:recordSchema>marcxchange</srw:recordSchema>
<srw:recordPacking>xml</srw:recordPacking>
<srw:recordData>
<mxc:record xmlns:mxc="info:lc/xmlns/marcxchange-v2" format="INTERMARC" id="ark:/12148/cb456128332" type="Bibliographic">   <mxc:leader>00689c0 m 22000271  45g </mxc:leader>   <mxc:controlfield tag="001">FRBNF456128330000007</mxc:controlfield>   <mxc:controlfield tag="003">http://catalogue.bnf.fr/ark:/12148/cb456128332</mxc:controlfield>   <mxc:controlfield tag="008">181105s 1971                 frfre     b  001 </mxc:controlfield>   <mxc:controlfield tag="009">ge  c     1   bu </mxc:controlfield>   <mxc:datafield tag="028" ind1=" " ind2=" ">      <mxc:subfield code="a">887 09-87</mxc:subfield>   </mxc:datafield>   <mxc:datafield tag="051" ind1=" " ind2=" ">      <mxc:subfield code="a">prm</mxc:subfield>      <mxc:subfield code="b">s</mxc:subfield>   </mxc:datafield>   <mxc:datafield tag="100" ind1=" " ind2=" ">      <mxc:subfield code="3">11892668</mxc:subfield>      <mxc:subfield code="1">ISNI0000000121407852</mxc:subfield>      <mxc:subfield code="w">.0..b.....</mxc:subfield>      <mxc:subfield code="a">Boltanski</mxc:subfield>      <mxc:subfield code="m">Christian</mxc:subfield>      <mxc:subfield code="d">1944-2021</mxc:subfield>      <mxc:subfield code="4">0891</mxc:subfield>   </mxc:datafield>   <mxc:datafield tag="245" ind1="1" ind2=" ">      <mxc:subfield code="a">Reconstitution de chansons qui ont été chantées à Christian Boltanski entre 1944 et 1946</mxc:subfield>      <mxc:subfield code="d">Enregistrement sonore</mxc:subfield>      <mxc:subfield code="e">[livre d'artiste]</mxc:subfield>   </mxc:datafield>   <mxc:datafield tag="260" ind1=" " ind2="4">      <mxc:subfield code="a">Paris</mxc:subfield>      <mxc:subfield code="c">Le Kiosque d'Orphée</mxc:subfield>      <mxc:subfield code="d">[1971]</mxc:subfield>   </mxc:datafield>   <mxc:datafield tag="280" ind1=" " ind2=" ">      <mxc:subfield code="a">1 disque</mxc:subfield>      <mxc:subfield code="c">45 t</mxc:subfield>      <mxc:subfield code="d">17 cm</mxc:subfield>   </mxc:datafield>   <mxc:datafield tag="331" ind1=" " ind2="1">      <mxc:subfield code="a">Fais dodo Colas mon petit frère</mxc:subfield>   </mxc:datafield>   <mxc:datafield tag="331" ind1=" " ind2="2">      <mxc:subfield code="a">Il était un petit navire</mxc:subfield>   </mxc:datafield>   <mxc:datafield tag="331" ind1=" " ind2="2">      <mxc:subfield code="a">Sainte-Elisabeth</mxc:subfield>   </mxc:datafield>   <mxc:datafield tag="352" ind1=" " ind2=" ">      <mxc:subfield code="a">Date d'après les indications du classeur "Livres d'artistes Boltanski 1909-1975"</mxc:subfield>   </mxc:datafield>   <mxc:datafield tag="490" ind1=" " ind2=" ">      <mxc:subfield code="3">45591202</mxc:subfield>      <mxc:subfield code="t">Livres d'artistes Boltanski 1909-1975</mxc:subfield>      <mxc:subfield code="v">23</mxc:subfield>   </mxc:datafield>   <mxc:datafield tag="690" ind1=" " ind2=" ">      <mxc:subfield code="a">LivrArt20</mxc:subfield>   </mxc:datafield>
</mxc:record>      </srw:recordData>
<srw:recordIdentifier>ark:/12148/cb456128332</srw:recordIdentifier>
<srw:recordPosition>26</srw:recordPosition>
<srw:extraRecordData>
<ixm:attr name="CreationDate">20181105</ixm:attr>
<ixm:attr name="LastModificationDate">20181105</ixm:attr>
<mn:score>1.8191633</mn:score>
</srw:extraRecordData>
</srw:record>