
<srw:record>
<srw:recordSchema>marcxchange</srw:recordSchema>
<srw:recordPacking>xml</srw:recordPacking>
<srw:recordData>
<mxc:record xmlns:mxc="info:lc/xmlns/marcxchange-v2" format="INTERMARC" id="ark:/12148/cb39300587d" type="Bibliographic">   <mxc:leader>00728c01s 2200027  345g </mxc:leader>   <mxc:controlfield tag="001">FRBNF393005870000007</mxc:controlfield>   <mxc:controlfield tag="003">http://catalogue.bnf.fr/ark:/12148/cb39300587d</mxc:controlfield>   <mxc:controlfield tag="008">050103d 2002 200.            freng pq 7b      </mxc:controlfield>   <mxc:controlfield tag="009">ge  r     1   cc </mxc:controlfield>   <mxc:datafield tag="015" ind1=" " ind2=" ">      <mxc:subfield code="a">70402122</mxc:subfield>      <mxc:subfield code="d">20040101</mxc:subfield>   </mxc:datafield>   <mxc:datafield tag="022" ind1="1" ind2=" ">      <mxc:subfield code="a">1768-8671</mxc:subfield>      <mxc:subfield code="c">1768-8671</mxc:subfield>   </mxc:datafield>   <mxc:datafield tag="028" ind1=" " ind2=" ">      <mxc:subfield code="e">Webmusic</mxc:subfield>      <mxc:subfield code="a">[sans réf.]</mxc:subfield>   </mxc:datafield>   <mxc:datafield tag="050" ind1=" " ind2=" ">      <mxc:subfield code="a">g03</mxc:subfield>   </mxc:datafield>   <mxc:datafield tag="051" ind1=" " ind2=" ">      <mxc:subfield code="a">prm</mxc:subfield>      <mxc:subfield code="b">s</mxc:subfield>   </mxc:datafield>   <mxc:datafield tag="222" ind1="0" ind2=" ">      <mxc:subfield code="a">Reggae</mxc:subfield>   </mxc:datafield>   <mxc:datafield tag="245" ind1="1" ind2=" ">      <mxc:subfield code="a">Reggae</mxc:subfield>      <mxc:subfield code="d">Enregistrement sonore</mxc:subfield>      <mxc:subfield code="f">dir. publ. Manuel Ornato</mxc:subfield>   </mxc:datafield>   <mxc:datafield tag="255" ind1="2" ind2=" ">      <mxc:subfield code="a">[N° 1(2002)]</mxc:subfield>      <mxc:subfield code="b">[200.]</mxc:subfield>   </mxc:datafield>   <mxc:datafield tag="260" ind1=" " ind2=" ">      <mxc:subfield code="a">Paris</mxc:subfield>      <mxc:subfield code="b">60 rue Vitruve ; 75020</mxc:subfield>      <mxc:subfield code="c">Webmusic</mxc:subfield>      <mxc:subfield code="c">distrib. Nouvelles messageries de la presse parisienne</mxc:subfield>      <mxc:subfield code="d">2002-[200.]</mxc:subfield>   </mxc:datafield>   <mxc:datafield tag="280" ind1=" " ind2=" ">      <mxc:subfield code="a">Disque compact</mxc:subfield>   </mxc:datafield>   <mxc:datafield tag="300" ind1=" " ind2=" ">      <mxc:subfield code="a">Notice réd. d'après le n° 6 (2004)</mxc:subfield>   </mxc:datafield>   <mxc:datafield tag="326" ind1="1" ind2=" ">      <mxc:subfield code="a">Trimestriel</mxc:subfield>   </mxc:datafield>   <mxc:datafield tag="352" ind1=" " ind2=" ">      <mxc:subfield code="a">Date de début d'après le site http://www.portail-presse.fr</mxc:subfield>   </mxc:datafield>   <mxc:datafield tag="676" ind1=" " ind2=" ">      <mxc:subfield code="3">13638705</mxc:subfield>      <mxc:subfield code="i">781.646</mxc:subfield>      <mxc:subfield code="v">23</mxc:subfield>   </mxc:datafield>   <mxc:datafield tag="680" ind1="7" ind2=" ">      <mxc:subfield code="a">106</mxc:subfield>      <mxc:subfield code="g">106</mxc:subfield>   </mxc:datafield>   <mxc:datafield tag="723" ind1=" " ind2=" ">      <mxc:subfield code="3">14042500</mxc:subfield>      <mxc:subfield code="w">    b     </mxc:subfield>      <mxc:subfield code="a">Webmusic</mxc:subfield>   </mxc:datafield>
</mxc:record>      </srw:recordData>
<srw:recordIdentifier>ark:/12148/cb39300587d</srw:recordIdentifier>
<srw:recordPosition>28</srw:recordPosition>
<srw:extraRecordData>
<ixm:attr name="CreationDate">20050103</ixm:attr>
<ixm:attr name="LastModificationDate">20130628</ixm:attr>
<mn:score>1.8191633</mn:score>
</srw:extraRecordData>
</srw:record>