
<srw:record>
<srw:recordSchema>marcxchange</srw:recordSchema>
<srw:recordPacking>xml</srw:recordPacking>
<srw:recordData>
<mxc:record xmlns:mxc="info:lc/xmlns/marcxchange-v2" format="INTERMARC" id="ark:/12148/cb40025449j" type="Bibliographic">   <mxc:leader>00679c03m022000271  45g </mxc:leader>   <mxc:controlfield tag="001">FRBNF400254490000007</mxc:controlfield>   <mxc:controlfield tag="003">http://catalogue.bnf.fr/ark:/12148/cb40025449j</mxc:controlfield>   <mxc:controlfield tag="008">050825c 1995 2005            deeng     b  0241</mxc:controlfield>   <mxc:controlfield tag="009">ge  t     1  acc </mxc:controlfield>   <mxc:datafield tag="028" ind1=" " ind2=" ">      <mxc:subfield code="e">Bear familly</mxc:subfield>      <mxc:subfield code="a">BCD 15832-1 DI</mxc:subfield>      <mxc:subfield code="a">BCD 15833 DI</mxc:subfield>      <mxc:subfield code="a">BCD 15834 DI</mxc:subfield>      <mxc:subfield code="a">BCD 15835 DK</mxc:subfield>      <mxc:subfield code="a">BCD 15836 DK</mxc:subfield>      <mxc:subfield code="a">BCD 15837 DK</mxc:subfield>   </mxc:datafield>   <mxc:datafield tag="044" ind1=" " ind2=" ">      <mxc:subfield code="f">c1995</mxc:subfield>      <mxc:subfield code="f">c2005</mxc:subfield>   </mxc:datafield>   <mxc:datafield tag="050" ind1=" " ind2=" ">      <mxc:subfield code="a">g03</mxc:subfield>   </mxc:datafield>   <mxc:datafield tag="051" ind1=" " ind2=" ">      <mxc:subfield code="a">prm</mxc:subfield>      <mxc:subfield code="b">s</mxc:subfield>   </mxc:datafield>   <mxc:datafield tag="245" ind1="1" ind2=" ">      <mxc:subfield code="a">The complete D singles collection</mxc:subfield>      <mxc:subfield code="d">Enregistrement sonore</mxc:subfield>      <mxc:subfield code="e">the sounds of Houston, Texas</mxc:subfield>   </mxc:datafield>   <mxc:datafield tag="260" ind1=" " ind2=" ">      <mxc:subfield code="a">Hambergen (Allemagne)</mxc:subfield>      <mxc:subfield code="c">Bear family records</mxc:subfield>      <mxc:subfield code="d">P</mxc:subfield>   </mxc:datafield>   <mxc:datafield tag="280" ind1=" " ind2=" ">      <mxc:subfield code="a">24 disques compacts</mxc:subfield>      <mxc:subfield code="e">6 brochures</mxc:subfield>   </mxc:datafield>   <mxc:datafield tag="352" ind1=" " ind2=" ">      <mxc:subfield code="a">Prod. : Hambergen (Allemagne) : Bear family records, P 1995-2005</mxc:subfield>   </mxc:datafield>   <mxc:datafield tag="352" ind1=" " ind2="4">      <mxc:subfield code="a">Prod. : Hambergen (Allemagne) : Bear family records, P 1995-2005</mxc:subfield>   </mxc:datafield>   <mxc:datafield tag="640" ind1="1" ind2=" ">      <mxc:subfield code="a">11302</mxc:subfield>      <mxc:subfield code="b">11300</mxc:subfield>   </mxc:datafield>   <mxc:datafield tag="645" ind1="1" ind2=" ">      <mxc:subfield code="a">1107</mxc:subfield>   </mxc:datafield>   <mxc:datafield tag="723" ind1=" " ind2=" ">      <mxc:subfield code="3">13877807</mxc:subfield>      <mxc:subfield code="w">    b     </mxc:subfield>      <mxc:subfield code="a">Bear family</mxc:subfield>   </mxc:datafield>
</mxc:record>      </srw:recordData>
<srw:recordIdentifier>ark:/12148/cb40025449j</srw:recordIdentifier>
<srw:recordPosition>29</srw:recordPosition>
<srw:extraRecordData>
<ixm:attr name="CreationDate">20050825</ixm:attr>
<ixm:attr name="LastModificationDate">20260414</ixm:attr>
<mn:score>1.8189585</mn:score>
</srw:extraRecordData>
</srw:record>