
<srw:record>
<srw:recordSchema>marcxchange</srw:recordSchema>
<srw:recordPacking>xml</srw:recordPacking>
<srw:recordData>
<mxc:record xmlns:mxc="info:lc/xmlns/marcxchange-v2" format="INTERMARC" id="ark:/12148/cb473839077" type="Bibliographic">   <mxc:leader>00632c02s 2200027 i245g </mxc:leader>   <mxc:controlfield tag="001">FRBNF473839070000008</mxc:controlfield>   <mxc:controlfield tag="003">http://catalogue.bnf.fr/ark:/12148/cb473839077</mxc:controlfield>   <mxc:controlfield tag="008">231219c 1998                 frmmm m? 7b      </mxc:controlfield>   <mxc:controlfield tag="009">gex d     1  acm </mxc:controlfield>   <mxc:datafield tag="022" ind1="1" ind2=" ">      <mxc:subfield code="a">3002-6695</mxc:subfield>   </mxc:datafield>   <mxc:datafield tag="041" ind1="0" ind2=" ">      <mxc:subfield code="a">amh</mxc:subfield>      <mxc:subfield code="a">eng</mxc:subfield>      <mxc:subfield code="a">cus</mxc:subfield>      <mxc:subfield code="a">tir</mxc:subfield>      <mxc:subfield code="a">fre</mxc:subfield>      <mxc:subfield code="a">ita</mxc:subfield>   </mxc:datafield>   <mxc:datafield tag="050" ind1=" " ind2=" ">      <mxc:subfield code="a">g03</mxc:subfield>   </mxc:datafield>   <mxc:datafield tag="051" ind1=" " ind2=" ">      <mxc:subfield code="a">prm</mxc:subfield>      <mxc:subfield code="b">s</mxc:subfield>   </mxc:datafield>   <mxc:datafield tag="222" ind1="1" ind2=" ">      <mxc:subfield code="a">Éthiopiques</mxc:subfield>      <mxc:subfield code="b">Paris</mxc:subfield>   </mxc:datafield>   <mxc:datafield tag="245" ind1="1" ind2=" ">      <mxc:subfield code="a">Éthiopiques</mxc:subfield>      <mxc:subfield code="d">Enregistrement sonore</mxc:subfield>      <mxc:subfield code="f">collection dirigée par Francis Falceto</mxc:subfield>   </mxc:datafield>   <mxc:datafield tag="255" ind1="2" ind2=" ">      <mxc:subfield code="a">1 (1998)</mxc:subfield>   </mxc:datafield>   <mxc:datafield tag="260" ind1=" " ind2=" ">      <mxc:subfield code="a">Paris</mxc:subfield>      <mxc:subfield code="c">Buda musique</mxc:subfield>      <mxc:subfield code="d">1998-</mxc:subfield>   </mxc:datafield>   <mxc:datafield tag="280" ind1=" " ind2=" ">      <mxc:subfield code="a">disque compact</mxc:subfield>      <mxc:subfield code="e">brochure : ill. en coul. ; 12 cm</mxc:subfield>   </mxc:datafield>   <mxc:datafield tag="326" ind1="1" ind2=" ">      <mxc:subfield code="a">Collection</mxc:subfield>   </mxc:datafield>   <mxc:datafield tag="676" ind1=" " ind2=" ">      <mxc:subfield code="3">18120474</mxc:subfield>      <mxc:subfield code="i">780.963</mxc:subfield>      <mxc:subfield code="v">23</mxc:subfield>      <mxc:subfield code="a">Musique - Éthiopie</mxc:subfield>   </mxc:datafield>   <mxc:datafield tag="700" ind1=" " ind2=" ">      <mxc:subfield code="3">14557130</mxc:subfield>      <mxc:subfield code="1">ISNI0000000048749126</mxc:subfield>      <mxc:subfield code="w">.0..b.....</mxc:subfield>      <mxc:subfield code="a">Falceto</mxc:subfield>      <mxc:subfield code="m">Francis</mxc:subfield>      <mxc:subfield code="4">0330</mxc:subfield>   </mxc:datafield>   <mxc:datafield tag="730" ind1=" " ind2=" ">      <mxc:subfield code="3">13887425</mxc:subfield>      <mxc:subfield code="w">20..b     </mxc:subfield>      <mxc:subfield code="a">Buda musique</mxc:subfield>      <mxc:subfield code="4">3250</mxc:subfield>   </mxc:datafield>
</mxc:record>      </srw:recordData>
<srw:recordIdentifier>ark:/12148/cb473839077</srw:recordIdentifier>
<srw:recordPosition>30</srw:recordPosition>
<srw:extraRecordData>
<ixm:attr name="CreationDate">20231219</ixm:attr>
<ixm:attr name="LastModificationDate">20240729</ixm:attr>
<mn:score>1.8185667</mn:score>
</srw:extraRecordData>
</srw:record>
</srw:records>
<srw:nextRecordPosition>31</srw:nextRecordPosition>
</srw:searchRetrieveResponse>
